@article{LFric,
author = {Adams, S.V. and others},
title = {LFRic: Meeting the challenges of scalability and performance portability in Weather and Climate models},
journal = {Accepted for publication in J. Par. Dist. Comp.},
volume = {Special Issue: EASC2018},
year = {2019}
}

@inproceedings{Adams2018,
  author = {S. V. Adams and O. Abramkina and Y. Meurdesoif and M. Rezny},
  title = {Parallel {IO} in the {LFRic} Infrastructure},
  booktitle = {Parallel Computing is Everywhere},
  editor = {S. Bassini and M. Danelutto and P. Dazzi and G. R. Joubert and F. Peters},
  pages = {485--494},
  publisher = {IOS Press},
  year = {2018}
}

@misc{lfric-microbenchmarks,
author = {Met Office},
title = {LFRic Micro Benchmark Suite},
howpublished = {https://github.com/christophermaynard/LFRic-microbenchmarks}
}
